@Manual{NBR1465301,
  address={Rio de Janeiro},
  Author = {ABNT},
  month={mai.},
  organization={Associação Brasileira de Normas Técnicas},
  org-short={ABNT},
  pages={10},
  subtitle={Avaliação de bens -- Parte 1: Procedimentos Gerais},
  title={{NBR} 14653-1},
  year={2001}
}
@Manual{NBR1465302,
	Address = {Rio de Janeiro},
	Author = {ABNT},
	Month = {fev.},
	Org-Short = {ABNT},
	Organization = {Associação Brasileira de Normas Técnicas},
	Pages = {4},
	Subtitle = {Avaliação de Bens -- Parte 2: Imóveis Urbanos},
	Title = {{NBR} 14653-2},
	Year = {2011}
}
@Manual{NBR12721,
	Address = {Rio de Janeiro},
	Month = {ago.},
	Org-Short = {ABNT},
	Organization = {Associação Brasileira de Normas Técnicas},
	Pages = 4,
	Subtitle = {Avaliação de custos de construção para incorporação imobiliária e outras disposições para condomínios edilícios},
	Title = {{NBR} 12721},
	Year = {2006}
}
@Manual{IN002,
  Address = {Brasília-DF},
  Author={MPDG},
  Month = {Mai.},
  Org-Short = {MPDG},
	Organization = {Ministério do Planejamento, Desenvolvimento e Gestão},
  Pages = {21},
  Title = {Instrução Normativa para regulamentação quanto aos procedimentos sobre as avaliações de bens
imóveis da União ou de seu interesse.},
  Year = {2017}
}
@Manual{CONFEA,
  Address = {Brasília-DF},
  Author={CONFEA},
  Edition = {9},
  Org-Short = {CONFEA},
  Org = {Conselho Federal de Engenharia e Agronomia},
  Title = {Código de Ética Profissional da Engenharia, da Agronomia, da Geologia, da Geografia e da Meteorologia},
  Year = {2014}
}
@Inproceedings{giannakos,
 Address = {Florianópolis},
 Author = {ISABELA BECK DA SILVA GIANNAKOS and MANOEL LUIZ LEÃO},
 crossref = {lics},
 Pages = {267-278},
 Publisher = {COBREAP},
 Title = {Crítica à avaliação pela moda da distribuição lognormal},
 Year = {1996}
}
@proceedings{lics,
  title = {VIII {C}ongresso {B}rasileiro de {A}valiações e {P}erícias},
  shorttitle = {VIII COBREAP},
  eventdate = {1996},
  venue = {Florianópolis, SC},
  date = {1996},
}
@article{razali,
  author = {Razali, Nornadiah and Wah, Yap Bee},
  title = {Power comparisons of {S}hapiro-{W}ilk, {K}olmogorov-{S}mirnov, {L}illiefors and {A}nderson-{D}arling tests},
  journal = {Journal of Statistical Modeling and Analytics},
  volume = {2},
  pages = {21-33},
  year = {2011}
}